@article{einstein,
    author = "Albert Einstein",
    title = "{Zur Elektrodynamik bewegter K{\"o}rper}. ({German})
    [{On} the electrodynamics of moving bodies]",
    journal = "Annalen der Physik",
    volume = "322",
    number = "10",
    pages = "891--921",
    year = "1905",
    DOI = "http://dx.doi.org/10.1002/andp.19053221004",
    keywords = "physics"
}

@book{dirac,
    title = {The Principles of Quantum Mechanics},
    author = {Paul Adrien Maurice Dirac},
    isbn = {9780198520115},
    series = {International series of monographs on physics},
    year = {1981},
    publisher = {Clarendon Press},
    keywords = {physics}
}

@online{sistema,
    author = "",
    title = "Definición de Memoria",
    url  = "https://sistemas.com/memoria.php",
    addendum = "No hay apendice",
    keywords = "Memoria"
}

@online{Disco_Duro,
    author = "Sonia Rodríguez Ruiz",
    title = "Definición de Memoria",
    url  = "https://www.masadelante.com/faqs/disco-duro",
    addendum = "No hay apendice",
    keywords = "Memoria, disco ,duro"
}

@online{formula,
    author = "computer hoy",
    title = "Latencia vs. megahercios, ¿qué es más importante al elegir la RAM para tu PC?",
    url  = "https://computerhoy.com/reportajes/tecnologia/latencia-vs-megahercios-importante-elegir-ram-pc-420979#:~:text=Existe\%20una\%20f\%C3\%B3rmula\%20matem\%C3\%A1tica\%20sencilla,Frecuencia)\%20x\%202\%20x\%201024.",202\%20x\%201024.",
    addendum = "No hay apendice",
    keywords = "latencia,frecuencia"
}
@online{memoria_imp,
    author = "muy computer",
    title = "Memoria RAM: qué es, por qué es importante y recomendaciones",
    url  = "https://www.muycomputer.com/2018/11/04/memoria-ram-que-es-recomendaciones/#:~:text=La\%20velocidad\%20determina\%20la\%20rapidez,realizar\%20transferencias\%20en\%20menos\%20tiempo.&text=Es\%20ª\%20esto\%20ª\%20lo\%20que\%20nos\%20referimos\%20cuando\%20hablamos\%20de\%20canales.",
    addendum = "No hay apendice",
    keywords = "memoria,velocidad,rendimiento "
}
@online{frecuencia_latencia,
    author = "hard zone",
    title = "¿Qué influye más en la memoria RAM para jugar, la frecuencia o la latencia?
",
    url  = "https://hardzone.es/reportajes/comparativas/latencia-velocidad-ram-jugar/,
    addendum = "No hay apendice",
    keywords = "latencia,frecuencia"
}
@inbook{knuth-fa,
    author = "Donald E. Knuth",
    title = "Fundamental Algorithms",
    publisher = "Addison-Wesley",
    year = "1973",
    chapter = "1.2",
    keywords  = "knuth,programming"
}